@article {springerlink:10.1007/s00287-011-0541-z,
   author = {Weigend, Johannes and Siedersleben, Johannes and Adersberger, Josef},
   affiliation = {QAware GmbH, Aschauer Str. 32, 81549 München, Deutschland},
   title = {Dynamische Analyse mit dem Software-EKG},
   journal = {Informatik-Spektrum},
   publisher = {Springer Berlin / Heidelberg},
   issn = {0170-6012},
   keyword = {Computer Science},
   pages = {484-495},
   volume = {34},
   issue = {5},
   url = {http://dx.doi.org/10.1007/s00287-011-0541-z},
   note = {10.1007/s00287-011-0541-z},
   abstract = {Dieses Papier zeigt, wie man komplexe, heterogene Systeme analysiert, wenn die einfachen Methoden (Debugger, Profiler) nicht ausreichen. Wir erläutern die Grundlagen, beschreiben ein Vorgehen mit den nötigen Tools und bringen einige Beispiele aus unserer Praxis. Wir behandeln ferner den präventiven Einsatz des Vorgehens im Entwicklungsprozess und definieren die Diagnostizierbarkeit (Diagnosibility) eines Softwaresystems als wichtige nichtfunktionale Eigenschaft.},
   year = {2011}
}
